# Alternatif manajemen daftar pustaka dengan \bibliography
# Keuntungannya adalah sitasi dapat langsung disalin dari web (contoh: scholar.google.com) dan format tampilan dapat diubah secara otomatis hanya dengan mengganti konfigurasi \bibliographystyle di laporan-kp.tex https://www.sharelatex.com/learn/Bibtex_bibliography_styles

@article{lankton2008introduction,
  title={Introduction to LATEX},
  author={Lankton, Shawn},
  year={2008}
}

@article{chin2000learning,
  title={Learning in science: A comparison of deep and surface approaches},
  author={Chin, Christine and Brown, David E},
  journal={Journal of research in science teaching},
  volume={37},
  number={2},
  pages={109--138},
  year={2000},
  publisher={Wiley Online Library}
}

@article{barto1995learning,
  title={Learning to act using real-time dynamic programming},
  author={Barto, Andrew G and Bradtke, Steven J and Singh, Satinder P},
  journal={Artificial Intelligence},
  volume={72},
  number={1},
  pages={81--138},
  year={1995},
  publisher={Elsevier}
}

@misc{edgrant2025kptemplate,
  title={Laporan Kerja Praktek DTE FTUI Template},
  author={Suryajaya, Edgrant Henderson},
  year={2025},
  howpublished={\url{https://github.com/EdgrantHS/Laporan-KP-TEEP}},
  note={Accessed: 2025-08-01}
}

@misc{febrian2017uitemplate,
  title={Thesis Template for Universitas Indonesia},
  author={Febrian, Andreas and others},
  year={2017},
  howpublished={\url{https://www.overleaf.com/latex/templates/thesis-template-for-universitas-indonesia/brfkhqvmkzhv}},
  note={Accessed: 2025-08-01}
}

@misc{ibm_digital_twin,
    author = "{IBM}",
    title = "{What is a digital twin?}",
    year = "2020",
    howpublished = "\url{https://www.ibm.com/topics/what-is-a-digital-twin}",
    note = "Accessed: 2025-10-21"
}

@misc{cisco_wifi_6,
    author = "{Cisco}",
    title = "{What Is Wi-Fi 6?}",
    year = "2022",
    howpublished = "\url{https://www.cisco.com/site/us/en/solutions/networking/wi-fi-6-6e/index.html}",
    note = "Accessed: 2025-10-21"
}

@misc{qualcomm_5g_overview,
    author = "{Qualcomm}",
    title = "{What is 5G}",
    year = "2023",
    howpublished = "\url{https://www.qualcomm.com/5g/what-is-5g}",
    note = "Accessed: 2025-10-21"
}

@misc{oran_alliance,
    author = "{O-RAN Alliance}",
    title = "{O-RAN ALLIANCE}",
    year = "2025",
    howpublished = "\url{https://www.o-ran.org}",
    note = "Accessed: 2025-10-21"
}

@techreport{oran_o1_spec,
    author = "{O-RAN Alliance}",
    title = "{O-RAN Operations and Maintenance Interface Specification v10.00}",
    institution = "O-RAN Alliance",
    year = "2025",
    type = "O-RAN.WG10.O1-Interface.10.00",
    howpublished = "\url{https://specifications.o-ran.org/download?id=903}",
    note = "Accessed: 2025-10-21"
}

@misc{nvidia_sionna,
    author = "{NVIDIA}",
    title = "{Sionna: An Open-Source Library for Next-Generation Physical Layer Research}",
    year = "2025",
    howpublished = "\url{https://nvlabs.github.io/sionna/}",
    note = "Accessed: 2025-10-21"
}